
    <zs:record>
      <zs:recordSchema/>
      <zs:recordPacking>xml</zs:recordPacking>
      <zs:recordData>
        <record xmlns="http://www.loc.gov/MARC21/slim">
          <leader>00702cam a2200229   4500</leader>
          <controlfield tag="001">291313</controlfield>
          <controlfield tag="005">19790814000000.0</controlfield>
          <controlfield tag="008">691010s1969    nyua          001 0 eng  </controlfield>
          <datafield tag="035" ind1=" " ind2=" ">
            <subfield code="9">(DLC)   69017238</subfield>
          </datafield>
          <datafield tag="906" ind1=" " ind2=" ">
            <subfield code="a">7</subfield>
            <subfield code="b">cbc</subfield>
            <subfield code="c">orignew</subfield>
            <subfield code="d">u</subfield>
            <subfield code="e">ncip</subfield>
            <subfield code="f">19</subfield>
            <subfield code="g">y-gencatlg</subfield>
          </datafield>
          <datafield tag="010" ind1=" " ind2=" ">
            <subfield code="a">   69017238 </subfield>
          </datafield>
          <datafield tag="040" ind1=" " ind2=" ">
            <subfield code="a">DLC</subfield>
            <subfield code="c">DLC</subfield>
            <subfield code="d">DLC</subfield>
          </datafield>
          <datafield tag="050" ind1="0" ind2="0">
            <subfield code="a">SB419</subfield>
            <subfield code="b">.C74</subfield>
          </datafield>
          <datafield tag="082" ind1="0" ind2="0">
            <subfield code="a">635.96/5</subfield>
          </datafield>
          <datafield tag="100" ind1="1" ind2=" ">
            <subfield code="a">Cruso, Thalassa.</subfield>
          </datafield>
          <datafield tag="245" ind1="1" ind2="0">
            <subfield code="a">Making things grow;</subfield>
            <subfield code="b">a practical guide for the indoor gardener.</subfield>
            <subfield code="c">Illus. by Grambs Miller.</subfield>
          </datafield>
          <datafield tag="250" ind1=" " ind2=" ">
            <subfield code="a">[1st ed.]</subfield>
          </datafield>
          <datafield tag="260" ind1=" " ind2=" ">
            <subfield code="a">New York,</subfield>
            <subfield code="b">Knopf,</subfield>
            <subfield code="c">1969.</subfield>
          </datafield>
          <datafield tag="300" ind1=" " ind2=" ">
            <subfield code="a">xv, 257, viii p.</subfield>
            <subfield code="b">illus.</subfield>
            <subfield code="c">24 cm.</subfield>
          </datafield>
          <datafield tag="350" ind1=" " ind2=" ">
            <subfield code="a">5.95</subfield>
          </datafield>
          <datafield tag="650" ind1=" " ind2="0">
            <subfield code="a">House plants.</subfield>
          </datafield>
          <datafield tag="991" ind1=" " ind2=" ">
            <subfield code="b">c-GenColl</subfield>
            <subfield code="h">SB419</subfield>
            <subfield code="i">.C74</subfield>
            <subfield code="p">00009240020</subfield>
            <subfield code="t">Copy 1</subfield>
            <subfield code="w">BOOKS</subfield>
          </datafield>
        </record>
      </zs:recordData>
      <zs:recordPosition>3</zs:recordPosition>
    </zs:record>